@article{tipping1999probabilistic,
  title={Probabilistic principal component analysis},
  author={Tipping, Michael E and Bishop, Christopher M},
  journal={Journal of the Royal Statistical Society: Series B (Statistical Methodology)},
  volume={61},
  number={3},
  pages={611--622},
  year={1999},
  publisher={Wiley Online Library}
}

@article{roweis1997algorithms,
  title={EM algorithms for PCA and SPCA},
  author={Roweis, Sam},
  journal={Advances in neural information processing systems},
  volume={10},
  pages={626--632},
  year={1997}
}

@article{moon1996expectation,
  title={The expectation-maximization algorithm},
  author={Moon, Todd K},
  journal={IEEE Signal processing magazine},
  volume={13},
  number={6},
  pages={47--60},
  year={1996},
  publisher={IEEE}
}

@article{wu1983convergence,
  title={On the convergence properties of the EM algorithm},
  author={Wu, CF Jeff},
  journal={The Annals of statistics},
  pages={95--103},
  year={1983},
  publisher={JSTOR}
}

@article{dempster1977maximum,
  title={Maximum likelihood from incomplete data via the EM algorithm},
  author={Dempster, Arthur P and Laird, Nan M and Rubin, Donald B},
  journal={Journal of the Royal Statistical Society: Series B (Methodological)},
  volume={39},
  number={1},
  pages={1--22},
  year={1977},
  publisher={Wiley Online Library}
}

@article{zangwill1967non,
  title={Non-linear programming via penalty functions},
  author={Zangwill, Willard I},
  journal={Management science},
  volume={13},
  number={5},
  pages={344--358},
  year={1967},
  publisher={INFORMS}
}

@book{rao1973linear,
  title={Linear statistical inference and its applications},
  author={Rao, Calyampudi Radhakrishna and Rao, Calyampudi Radhakrishna and Statistiker, Mathematischer and Rao, Calyampudi Radhakrishna and Rao, Calyampudi Radhakrishna},
  volume={2},
  year={1973},
  publisher={Wiley New York}
}

@book{harman1976modern,
  title={Modern factor analysis},
  author={Harman, Harry H},
  year={1976},
  publisher={University of Chicago press}
}

@book{rummel1988applied,
  title={Applied factor analysis},
  author={Rummel, Rudolf J},
  year={1988},
  publisher={Northwestern University Press}
}

@article{yu2008gaussian,
  title={Gaussian-process factor analysis for low-dimensional single-trial analysis of neural population activity},
  author={Yu, Byron M and Cunningham, John P and Santhanam, Gopal and Ryu, Stephen and Shenoy, Krishna V and Sahani, Maneesh},
  journal={Advances in neural information processing systems},
  volume={21},
  pages={1881--1888},
  year={2008}
}

@article{takane2001constrained,
  title={Constrained principal component analysis: a comprehensive theory},
  author={Takane, Yoshio and Hunter, Michael A},
  journal={Applicable Algebra in Engineering, Communication and Computing},
  volume={12},
  number={5},
  pages={391--419},
  year={2001},
  publisher={Springer}
}


